% Encoding: UTF-8

@Article{grabka2016schrumpfender,
  author    = {Grabka, Markus M and Goebel, Jan and Schr{\"o}der, Carsten and Schupp, J{\"u}rgen},
  title     = {Schrumpfender Anteil an BezieherInnen mittlerer Einkommen in den USA und Deutschland},
  journal   = {DIW-Wochenbericht},
  year      = {2016},
  volume    = {83},
  number    = {18},
  pages     = {391--402},
  publisher = {Berlin: Deutsches Institut f{\"u}r Wirtschaftsforschung (DIW)},
}

@Book{hilpert2012wohlfahrtsstaat,
  title     = {Wohlfahrtsstaat der Mittelschichten?: Sozialpolitik und gesellschaftlicher Wandel in der Bundesrepublik Deutschland (1949--1975)},
  publisher = {Vandenhoeck \& Ruprecht},
  year      = {2012},
  author    = {Hilpert, Dagmar},
  volume    = {208},
}

@InProceedings{mayer2006sinn,
  author       = {Mayer, Karl Ulrich},
  title        = {Sinn und Wirklichkeit-Beobachtungen zur Entwicklung sozialer Ungleichheiten in (West-) Deutschland nach dem Zweiten Weltkrieg},
  booktitle    = {Kongress der Deutschen Gesellschaft f{\"u}r Soziologie" Soziale Ungleichheit-kulturelle Unterschiede"},
  year         = {2006},
  pages        = {1329--1355},
  organization = {Campus Verl.},
}

@Article{niehues2017mittelschicht,
  author    = {Niehues, Judith},
  title     = {Die Mittelschicht in Deutschland: Vielschichtig und stabil},
  journal   = {IW-Trends--Vierteljahresschrift zur empirischen Wirtschaftsforschung},
  year      = {2017},
  volume    = {44},
  number    = {1},
  pages     = {3--20},
  publisher = {K{\"o}ln: Institut der deutschen Wirtschaft K{\"o}ln (IW)},
}

@Article{lengfeld2009angst,
  author    = {Lengfeld, Holger and Hirschle, Jochen},
  title     = {Die Angst der Mittelschicht vor dem sozialen Abstieg. Eine L{\"a}ngsschnittanalyse 1984--2007/Fear of Falling in the German Middle Class. A Longitudinal Analysis, 1984--2007},
  journal   = {Zeitschrift f{\"u}r Soziologie},
  year      = {2009},
  volume    = {38},
  number    = {5},
  pages     = {379--398},
  publisher = {Lucius \& Lucius},
}

@Article{goebel2010polarisierung,
  author    = {Goebel, Jan and Gornig, Martin and H{\"a}u{\ss}ermann, Hartmut},
  title     = {Polarisierung der Einkommen: die Mittelschicht verliert},
  journal   = {DIW Wochenbericht},
  year      = {2010},
  volume    = {77},
  number    = {24},
  pages     = {2--8},
  publisher = {Berlin: Deutsches Institut f{\"u}r Wirtschaftsforschung (DIW)},
}

@Article{niehues2013arm,
  author  = {Niehues, Judith and Schaefer, Thilo and Schr{\"o}der, Christoph},
  title   = {Arm und Reich in Deutschland: Wo bleibt die Mitte},
  journal = {Definition, Mythen und Fakten. K{\"o}ln: Inst. der Dt. Wirtschaft},
  year    = {2013},
}

@Comment{jabref-meta: databaseType:bibtex;}
