% Encoding: UTF-8

@Article{humer2013bedeutung,
  author    = {Humer, Stefan and Moser, Mathias and Schnetzer, Matthias and Ertl, Michael and Kilic, Atila},
  title     = {{\"U}ber die Bedeutung von Kapitaleinkommen f{\"u}r die Einkommensverteilung {\"O}sterreichs},
  journal   = {Wirtschaft und Gesellschaft},
  year      = {2013},
  volume    = {39},
  number    = {4},
  pages     = {571--586},
  publisher = {Kammer f{\"u}r Arbeiter und Angestellte f{\"u}r Wien},
}

@Article{lancee2012income,
  author    = {Lancee, Bram and Van de Werfhorst, Herman G},
  title     = {Income inequality and participation: A comparison of 24 European countries},
  journal   = {Social science research},
  year      = {2012},
  volume    = {41},
  number    = {5},
  pages     = {1166--1178},
  publisher = {Elsevier},
}

@Article{marmot2010fair,
  author    = {Marmot, Michael and Allen, Jessica and Goldblatt, Peter and Boyce, Tammy and McNeish, Di and Grady, Mike and others},
  title     = {Fair society, healthy lives},
  journal   = {The Marmot Review},
  year      = {2010},
  volume    = {14},
  publisher = {University College London London, England},
}

@Comment{jabref-meta: databaseType:bibtex;}
